@book{ShSh14, 
    place={Cambridge}, 
    title={Understanding Machine Learning: From Theory to Algorithms},
    DOI={10.1017/CBO9781107298019}, 
    publisher={Cambridge University Press}, 
    author={Shalev-Shwartz, Shai and Ben-David, Shai}, 
    year={2014}
}
@book{Ag16,
    author = "Aggarwal, Charu C."
    year = "2016"
    title = "Recommender Systems - The Textbook"
    isbn = "978-3-319-29659-3"
    publisher = "Springer"
}
@ARTICLE{KoBeVo09,
    author={Y. {Koren} and R. {Bell} and C. {Volinsky}},
    journal={Computer},
    title={Matrix Factorization Techniques for Recommender Systems},
    year={2009},
    volume={42},
    number={8},
    pages={30-37},
    keywords={information filtering;matrix decomposition;retail data processing;matrix factorization technique;recommender system;Netflix Prize competition;product recommendation system;nearest neighbor technique;Recommender systems;Motion pictures;Filtering;Collaboration;Sea measurements;Predictive models;Genomics;Bioinformatics;Nearest neighbor searches;Computational intelligence;Netflix Prize;Matrix factorization},
    doi={10.1109/MC.2009.263},
    ISSN={0018-9162},
    month={Aug},
}